{
    "Loaction": "City Centre",
    "Payment Methods": [
        {
            "Method": "Credit Card",
            "Revenue": 51566.17,
            "Num of time uesd": 38
        },
        {
            "Method": "Cash",
            "Revenue": 64561.33,
            "Num of time uesd": 39
        },
        {
            "Method": "Debit Card",
            "Revenue": 30019.22,
            "Num of time uesd": 30
        },
        {
            "Method": "Mobile Payment",
            "Revenue": 61496.32,
            "Num of time uesd": 45
        }
    ],
    "Revenue": 207643.04,
    "Total unit Sold": 858.0,
    "Rating": 3.02,
    "Categories": [
        {
            "Category": "Other",
            "Number of time bought": 26,
            "Revenue": 43924.75,
            "Unit sold": 179.0
        },
        {
            "Category": "Electronics",
            "Number of time bought": 21,
            "Revenue": 35674.3,
            "Unit sold": 114.0
        },
        {
            "Category": "Grocery",
            "Number of time bought": 36,
            "Revenue": 42612.31,
            "Unit sold": 190.0
        },
        {
            "Category": "Home Goods",
            "Number of time bought": 34,
            "Revenue": 44847.4,
            "Unit sold": 184.0
        },
        {
            "Category": "Clothing",
            "Number of time bought": 35,
            "Revenue": 40584.28,
            "Unit sold": 191.0
        }
    ],
    "TransactionID": [
        "1",
        "9",
        "10",
        "23",
        "24",
        "25",
        "28",
        "31",
        "35",
        "41",
        "42",
        "43",
        "50",
        "51",
        "55",
        "60",
        "63",
        "69",
        "70",
        "71",
        "77",
        "79",
        "81",
        "85",
        "86",
        "88",
        "97",
        "102",
        "105",
        "110",
        "111",
        "115",
        "117",
        "119",
        "127",
        "128",
        "129",
        "133",
        "135",
        "136",
        "137",
        "147",
        "148",
        "149",
        "152",
        "158",
        "162",
        "166",
        "167",
        "170",
        "172",
        "174",
        "175",
        "178",
        "179",
        "183",
        "185",
        "188",
        "189",
        "194",
        "196",
        "197",
        "204",
        "206",
        "209",
        "217",
        "219",
        "225",
        "227",
        "231",
        "233",
        "237",
        "239",
        "240",
        "249",
        "250",
        "251",
        "253",
        "258",
        "260",
        "264",
        "266",
        "267",
        "272",
        "274",
        "276",
        "277",
        "279",
        "280",
        "286",
        "289",
        "292",
        "293",
        "295",
        "296",
        "300",
        "301",
        "302",
        "303",
        "305",
        "306",
        "310",
        "312",
        "318",
        "319",
        "325",
        "331",
        "336",
        "337",
        "340",
        "341",
        "345",
        "350",
        "367",
        "368",
        "378",
        "379",
        "380",
        "382",
        "385",
        "386",
        "388",
        "389",
        "392",
        "393",
        "408",
        "409",
        "410",
        "411",
        "415",
        "420",
        "423",
        "424",
        "427",
        "430",
        "433",
        "438",
        "451",
        "454",
        "461",
        "465",
        "469",
        "475",
        "477",
        "480",
        "483",
        "489",
        "490",
        "491",
        "492",
        "493",
        "499"
    ],
    "TransactionBD": {
        "2023-10": [
            "1",
            "71",
            "111",
            "166",
            "179",
            "258",
            "279",
            "312",
            "388",
            "423"
        ],
        "2023-03": [
            "9",
            "128",
            "175",
            "196",
            "337",
            "483"
        ],
        "2023-08": [
            "10",
            "149",
            "178",
            "217",
            "266",
            "336",
            "392",
            "475"
        ],
        "2023-05": [
            "23",
            "133",
            "225",
            "293",
            "477"
        ],
        "2024-03": [
            "24",
            "115",
            "183",
            "194",
            "310",
            "350",
            "424"
        ],
        "2024-05": [
            "25",
            "28",
            "35",
            "60",
            "77",
            "158",
            "206",
            "277",
            "292",
            "325"
        ],
        "2023-06": [
            "31",
            "41",
            "117",
            "167",
            "296",
            "331",
            "433"
        ],
        "2024-08": [
            "42",
            "135",
            "302",
            "303",
            "341",
            "345",
            "367",
            "410"
        ],
        "2023-07": [
            "43",
            "110",
            "152",
            "240",
            "250",
            "251",
            "427"
        ],
        "2024-06": [
            "50",
            "231",
            "305",
            "306",
            "380",
            "480"
        ],
        "2023-04": [
            "51",
            "97",
            "129",
            "295",
            "340"
        ],
        "2024-04": [
            "55",
            "188",
            "382"
        ],
        "2024-10": [
            "63",
            "127",
            "461",
            "465",
            "469"
        ],
        "2023-09": [
            "69",
            "70",
            "119",
            "136",
            "233",
            "318",
            "319"
        ],
        "2024-09": [
            "79",
            "189",
            "209",
            "239",
            "272",
            "301",
            "385",
            "492"
        ],
        "2023-12": [
            "81",
            "102",
            "105",
            "137",
            "237",
            "267",
            "300",
            "389",
            "430",
            "438",
            "491"
        ],
        "2023-02": [
            "85",
            "174",
            "274",
            "411",
            "490"
        ],
        "2024-02": [
            "86",
            "88",
            "185",
            "489",
            "493"
        ],
        "2024-01": [
            "147",
            "204",
            "280",
            "289",
            "368",
            "379",
            "386"
        ],
        "2023-01": [
            "148",
            "162",
            "253",
            "264",
            "393",
            "420"
        ],
        "2022-11": [
            "170",
            "172",
            "378"
        ],
        "2023-11": [
            "197",
            "219",
            "454"
        ],
        "2024-07": [
            "227",
            "249",
            "276",
            "409"
        ],
        "2022-12": [
            "260",
            "286",
            "415",
            "451",
            "499"
        ],
        "2024-11": [
            "408"
        ]
    }
}